
@book{stewart_advanced_1993,
	title = {Advanced general relativity},
	publisher = {Cambridge University Press},
	author = {Stewart, John},
	date = {1993},
}
