% BibTeX database for the MSc_Thesis.tex

%%%%%%%%%%%%%%%%%%%%%%%%%%%%%%%%%%%%%%%%%%%%%%%%%%%%%%%%%%
% TEMPLATES
%%%%%%%%%%%%%%%%%%%%%%%%%%%%%%%%%%%%%%%%%%%%%%%%%%%%%%%%%%

%%%%% An article from a journal or magazine.
%
%article{
%  % Required fields:
%  author  = {},
%  title   = {},
%  journal = {},
%  year    = {},
%  % Optional fields:
%  volume  = {},
%  number  = {},
%  pages   = {},
%  month   = {},
%  note    = {}
%}
%
%%%%% A book with an explicit publisher.
%
%book{
%  % Required fields:
%  author    = {}, % or editor
%  editor    = {},
%  title     = {},
%  publisher = {},
%  year      = {},
%  % Optional fields:
%  volume    = {},
%  number    = {},
%  series    = {},
%  address   = {},
%  edition   = {},
%  month     = {},
%  note      = {}
%}
%
%%%%% A work that is printed and bound, but without a named publisher or sponsoring institution.
%
%booklet{
%  % Required field:
%  title        = {},
%  % Optional fields:
%  author       = {},
%  howpublished = {},
%  address      = {},
%  month        = {},
%  year         = {},
%  note         = {}
%}
%
%%%%% The same as INPROCEEDINGS}, included for Scribe compatibility.
%
%conference{
%}
%
%%%%% A part of a book, which may be a chapter (or section or whatever) and/or a range of pages.
%
%inbook{
%  % Required fields:
%  author    = {}, % or editor
%  editor    = {},
%  title     = {},
%  chapter   = {}, % and/or pages
%  pages     = {},
%  publisher = {},
%  year      = {},
%  % Optional fields:
%  volume    = {}, % or number
%  number    = {},
%  series    = {},
%  type      = {},
%  address   = {},
%  edition   = {},
%  month     = {},
%  note      = {}
%}
%
%%%%% A part of a book having its own title.
%
%incollection{
%  % Required fields:
%  author    = {},
%  title     = {},
%  booktitle = {},
%  publisher = {},
%  year      = {},
%  % Optional fields:
%  editor    = {},
%  volume    = {}, % or number
%  number    = {},
%  series    = {},
%  type      = {},
%  chapter   = {},
%  pages     = {},
%  address   = {},
%  edition   = {},
%  month     = {},
%  note      = {}
%}
%
%%%%% An article in a conference proceedings.
%
%inproceedings{
%  % Required fields:
%  author       = {},
%  title        = {},
%  booktitle    = {},
%  year         = {},
%  % Optional fields:
%  editor       = {},
%  volume       = {}, % or number
%  number       = {},
%  series       = {},
%  pages        = {},
%  address      = {},
%  month        = {},
%  organization = {},
%  publisher    = {},
%  note         = {}
%}
%
%%%%% Technical documentation.
%
%manual{
%  % Required field:
%  title        = {},
%  % Optional fields:
%  author       = {},
%  organization = {},
%  address      = {},
%  edition      = {},
%  month        = {},
%  year         = {},
%  note         = {}
%}
%
%%%%% A Master's thesis.
%
%mastersthesis{
%  % Required fields:
%  author  = {},
%  title   = {},
%  school  = {},
%  year    = {},
%  % Optional fields:
%  type    = {},
%  address = {},
%  month   = {},
%  note    = {}
%}
%
%%%%% Use this type when nothing else fits.
%
%misc{
%  % Required fields: none.
%  % Optional fields:
%  author       = {},
%  title        = {},
%  howpublished = {},
%  month        = {},
%  year         = {},
%  note         = {}
%}
%
%%%%% A PhD thesis.
%
%phdthesis{
%  % Required fields:
%  author  = {},
%  title   = {},
%  school  = {},
%  year    = {},
%  % Optional fields:
%  type    = {},
%  address = {},
%  month   = {},
%  note    = {}
%}
%
%%%%% The proceedings of a conference.
%
%proceedings{
%  % Required fields:
%  title        = {},
%  year         = {},
%  % Optional fields:
%  editor       = {},
%  volume       = {}, % or number
%  number       = {},
%  series       = {},
%  address      = {},
%  month        = {},
%  organization = {},
%  publisher    = {},
%  note         = {},
%}
%
%%%%% A report published by a school or other institution, usually numbered within a series.
%
%techreport{
%  % Required fields:
%  author      = {},
%  title       = {},
%  institution = {},
%  year        = {},
%  % Optional fields:
%  type        = {},
%  number      = {},
%  address     = {},
%  month       = {},
%  note        = {}
%}
%
%%%%% A document having an author and title, but not formally published.
%
%unpublished{
%  % Required fields:
%  author = {},
%  title  = {},
%  note   = {},
%  % Optional fields:
%  month  = {},
%  year   = {}
%}

%%%%%%%%%%%%%%%%%%%%%%%%%%%%%%%%%%%%%%%%%%%%%%%%%%%%%%%%%%
% References
%%%%%%%%%%%%%%%%%%%%%%%%%%%%%%%%%%%%%%%%%%%%%%%%%%%%%%%%%%

@article{NewPen68,
author = {Newman, E. T. and Penrose, R.},
doi = {10.1098/rspa.1968.0112},
journal = {Proc. Roy. Soc. Lond. A},
pages = {175--204},
title = {{New conservation laws for zero rest-mass fields in asymptotically flat space-time}},
volume = {305},
year = {1968},
bdsk-url-1 = {https://doi.org/10.1098/rspa.1968.0112}}

@article{HawMalStr16,
archiveprefix = {arXiv},
author = {Hawking, Stephen W. and Perry, Malcolm J. and Strominger, Andrew},
doi = {10.1103/PhysRevLett.116.231301},
eprint = {1601.00921},
journal = {Phys. Rev. Lett.},
number = {23},
pages = {231301},
primaryclass = {hep-th},
title = {{Soft Hair on Black Holes}},
volume = {116},
year = {2016},
bdsk-url-1 = {https://doi.org/10.1103/PhysRevLett.116.231301}}


@article{DaiVal02,
archiveprefix = {arXiv},
author = {Dain, S. and Valiente-Kroon, J. A.},
doi = {10.1088/0264-9381/19/4/312},
eprint = {gr-qc/0105109},
journal = {Class. Quant. Grav.},
pages = {811--816},
title = {{Conserved quantities in a black hole collision}},
volume = {19},
year = {2002},
bdsk-url-1 = {https://doi.org/10.1088/0264-9381/19/4/312}}

@BOOK{Val16,
author        = "Valiente-Kroon, Juan-Antonio",
title         = "Conformal Methods in General Relativity",
publisher     = "Cambridge University Press",
year          = "2016",
address       = "Cambridge"
}


@article{Bac10,
author = {Backdahl, Thomas},
doi = {10.1088/1742-6596/229/1/012016},
editor = {Lazkoz, Ruth and Vera, Raul},
journal = {J. Phys. Conf. Ser.},
pages = {012016},
title = {{Relating the Newman-Penrose constants to the Geroch-Hansen multipole moments}},
volume = {229},
year = {2010},
bdsk-url-1 = {https://doi.org/10.1088/1742-6596/229/1/012016}}

@article{BaiZhoGonXueXiaoLau07,
archiveprefix = {arXiv},
author = {Bai, Shan and Zhou-jian, Cao and Gong, Xue-fei and Shang, Yu and Wu, Xiao-ning and Lau, Y. K.},
doi = {10.1103/PhysRevD.75.044003},
eprint = {gr-qc/0701171},
journal = {Phys. Rev. D},
pages = {044003},
title = {{Light Cone Structure near Null Infinity of the Kerr Metric}},
volume = {75},
year = {2007},
bdsk-url-1 = {https://doi.org/10.1103/PhysRevD.75.044003}}

